<?xml version="1.0" encoding="utf-8"?>
<record xmlns="http://www.loc.gov/MARC21/slim" xmlns:xsi="http://www.w3.org/2001/XMLSchema-instance" xsi:schemaLocation="http://www.loc.gov/MARC21/slim http://www.loc.gov/standards/marcxml/schema/MARC21slim.xsd">
	<leader>     nam a22     Mi 4500</leader>
	<controlfield tag="001">b12376450</controlfield>
	<controlfield tag="003">LeBAU</controlfield>
	<controlfield tag="006">m        d        </controlfield>
	<controlfield tag="007">cr cn |||m|||a</controlfield>
	<controlfield tag="008">191218s1951    le acf  ob    ||0 0 ara d</controlfield>
	<datafield ind1=" " ind2=" " tag="040">
		<subfield code="a">ZYU</subfield>
		<subfield code="b">ara</subfield>
		<subfield code="e">rda</subfield>
		<subfield code="c">ZYU</subfield>
	</datafield>
	<datafield ind1="0" ind2="4" tag="082">
		<subfield code="a">299.157</subfield>
		<subfield code="2">22</subfield>
	</datafield>
	<datafield ind1="1" ind2=" " tag="100">
		<subfield code="6">880-01</subfield>
		<subfield code="a">Ḥasanī, ʻAbd al-Razzāq,</subfield>
		<subfield code="e">author.</subfield>
	</datafield>
	<datafield ind1="1" ind2="0" tag="245">
		<subfield code="6">880-02</subfield>
		<subfield code="a">al-Yazīdīyūn fī ḥaḍirihim wa-māḍihim /</subfield>
		<subfield code="c">bi-qalam al-Sayyid ʻAbd al-Razzāq al-Ḥasanī.</subfield>
	</datafield>
	<datafield ind1=" " ind2="1" tag="264">
		<subfield code="6">880-03</subfield>
		<subfield code="a">Ṣaydā :</subfield>
		<subfield code="b">Maṭbaʻat al-ʻIrfān,</subfield>
		<subfield code="c">1370 H. = 1951 M.</subfield>
	</datafield>
	<datafield ind1=" " ind2=" " tag="300">
		<subfield code="6">880-04</subfield>
		<subfield code="a">online resource (112 pages) :</subfield>
		<subfield code="b">illustrations, portraits</subfield>
	</datafield>
	<datafield ind1=" " ind2=" " tag="336">
		<subfield code="a">text</subfield>
		<subfield code="2">rdacontent</subfield>
	</datafield>
	<datafield ind1=" " ind2=" " tag="337">
		<subfield code="a">computer</subfield>
		<subfield code="2">rdamedia</subfield>
	</datafield>
	<datafield ind1=" " ind2=" " tag="338">
		<subfield code="a">online resource</subfield>
		<subfield code="2">rdacarrier</subfield>
	</datafield>
	<datafield ind1=" " ind2=" " tag="500">
		<subfield code="a">Part of the Arabic Collections Online (ACO) project, contributed by American University of Beirut's Jafet Memorial Library.</subfield>
	</datafield>
	<datafield ind1=" " ind2=" " tag="504">
		<subfield code="a">يتضمن مراجع ببليوغرافية (صفحة [2])</subfield>
	</datafield>
	<datafield ind1="3" ind2=" " tag="520">
		<subfield code="a">&quot;تبحث هذه الرسالة في منشأ الطائفة اليزيدية وتتكلم عن معتقداتها الدينية وعن الشيخ عدي بن مسافر الذي تنتمي إليه وعن مرقده وصفة هذا المرقد وتضم بين دفتيها نصوص كتبها المقدسة لديها وتصف شرائعها الطقسية وسننها الإجتماعية وأعيادها الرسمية...إلخ.&quot;</subfield>
	</datafield>
	<datafield ind1=" " ind2=" " tag="533">
		<subfield code="a">Electronic reproduction.</subfield>
		<subfield code="b">New York, N.Y. :</subfield>
		<subfield code="c">New York University,</subfield>
		<subfield code="d">2019.</subfield>
		<subfield code="5">NNU</subfield>
	</datafield>
	<datafield ind1=" " ind2="4" tag="650">
		<subfield code="a">اليزيدية</subfield>
		<subfield code="x">تاريخ.</subfield>
	</datafield>
	<datafield ind1=" " ind2="4" tag="650">
		<subfield code="a">اليزيدية</subfield>
		<subfield code="x">عقائد.</subfield>
	</datafield>
	<datafield ind1=" " ind2="4" tag="650">
		<subfield code="a">اليزيدية</subfield>
		<subfield code="x">الحياة الاجتماعية والعادات.</subfield>
	</datafield>
	<datafield ind1=" " ind2="0" tag="650">
		<subfield code="a">Yezidis</subfield>
		<subfield code="x">History.</subfield>
	</datafield>
	<datafield ind1=" " ind2="0" tag="650">
		<subfield code="a">Yezidis</subfield>
		<subfield code="x">Doctrines.</subfield>
	</datafield>
	<datafield ind1=" " ind2="0" tag="650">
		<subfield code="a">Yezidis</subfield>
		<subfield code="x">Social life and customs.</subfield>
	</datafield>
	<datafield ind1="2" ind2=" " tag="710">
		<subfield code="a">Jafet Memorial Library.</subfield>
	</datafield>
	<datafield ind1="0" ind2=" " tag="730">
		<subfield code="a">Arabic Collections Online.</subfield>
	</datafield>
	<datafield ind1="0" ind2=" " tag="775">
		<subfield code="6">880-05</subfield>
		<subfield code="i">has designation of edition</subfield>
		<subfield code="4">http://rdaregistry.info/Elements/m/P30133:</subfield>
		<subfield code="t">al-Yazīdīyūn fī ḥaḍirihim wa-māḍihim.</subfield>
		<subfield code="b">al-Ṭabʻah al-thālithah.</subfield>
		<subfield code="d">Ṣaydā, Lubnān : Maṭbaʻat al-ʻIrfān, 1961</subfield>
		<subfield code="w">(OCoLC)784289248</subfield>
		<subfield code="w">(OCoLC)784289248</subfield>
	</datafield>
	<datafield ind1="0" ind2=" " tag="775">
		<subfield code="6">880-06</subfield>
		<subfield code="i">has designation of edition</subfield>
		<subfield code="4">http://rdaregistry.info/Elements/m/P30133:</subfield>
		<subfield code="t">al-Yazīdīyūn fī ḥaḍirihim wa-māḍihim.</subfield>
		<subfield code="b">Ṭabʻah khāmisah muhadhdhabah wa-mazīdah.</subfield>
		<subfield code="d">Ṣaydā, Lubnān : al-Maṭbaʻah al-ʻAṣrīyah, 1967</subfield>
		<subfield code="w">(OCoLC)784289254</subfield>
		<subfield code="w">(OCoLC)784289254</subfield>
	</datafield>
	<datafield ind1="0" ind2=" " tag="775">
		<subfield code="6">880-07</subfield>
		<subfield code="i">has designation of edition</subfield>
		<subfield code="4">http://rdaregistry.info/Elements/m/P30133:</subfield>
		<subfield code="t">al-Yazīdīyūn fī ḥaḍirihim wa-māḍihim.</subfield>
		<subfield code="b">Ṭabʻah sādisah muhadhdhabah wa-mazīdah.</subfield>
		<subfield code="d">Baghdād, Dār al-Kitāb al-Jadīd, 1974</subfield>
		<subfield code="w">(OCoLC)784289259</subfield>
		<subfield code="w">(OCoLC)784289259</subfield>
	</datafield>
	<datafield ind1="0" ind2=" " tag="775">
		<subfield code="6">880-08</subfield>
		<subfield code="i">has designation of edition</subfield>
		<subfield code="4">http://rdaregistry.info/Elements/m/P30133:</subfield>
		<subfield code="t">al-Yazīdīyūn fī ḥaḍirihim wa-māḍihim.</subfield>
		<subfield code="t">اليزيديون في حاضرهم وماضيهم.</subfield>
		<subfield code="b">al-Ṭabʻah al-thānīyah.</subfield>
		<subfield code="d">Ṣaydā : Maṭbaʻat al-ʻIrfān, 1372 H. = 1953 M.</subfield>
		<subfield code="w">b21056493</subfield>
	</datafield>
	<datafield ind1="0" ind2="8" tag="776">
		<subfield code="i">Print version:</subfield>
		<subfield code="a">Ḥasanī, ʻAbd al-Razzāq, author.</subfield>
		<subfield code="t">al-Yazīdīyūn fī ḥaḍirihim wa-māḍihim</subfield>
		<subfield code="w">(LeBAU)b12376450</subfield>
	</datafield>
	<datafield ind1="4" ind2="0" tag="856">
		<subfield code="u">http://hdl.handle.net/2333.1/0vt4bjr3</subfield>
	</datafield>
	<datafield ind1="1" ind2=" " tag="880">
		<subfield code="6">100-01</subfield>
		<subfield code="a">الحسني، عبد الرزاق،</subfield>
		<subfield code="e">مؤلف. </subfield>
		<subfield code="4">aut.</subfield>
	</datafield>
	<datafield ind1="1" ind2="3" tag="880">
		<subfield code="6">245-02</subfield>
		<subfield code="a">اليزيديون في حاضرهم وماضيهم /</subfield>
		<subfield code="c">بقلم السيد عبد الرحمن الحسني.</subfield>
	</datafield>
	<datafield ind1=" " ind2="1" tag="880">
		<subfield code="6">264-03</subfield>
		<subfield code="a">صيدا :</subfield>
		<subfield code="b">مطبعة العرفان،</subfield>
		<subfield code="c">1370 هـ. = 1951 م.</subfield>
	</datafield>
	<datafield ind1=" " ind2=" " tag="880">
		<subfield code="6">300-04</subfield>
		<subfield code="a">112 صفحة :</subfield>
		<subfield code="b">مصورات، صور شخصانية ؛</subfield>
		<subfield code="c">24 سم</subfield>
	</datafield>
	<datafield ind1="0" ind2=" " tag="880">
		<subfield code="6">775-05</subfield>
		<subfield code="i">دلالة على الطبعة</subfield>
		<subfield code="4">http://rdaregistry.info/Elements/m/P30133:</subfield>
		<subfield code="t">اليزيديون في حاضرهم وماضيهم.</subfield>
		<subfield code="b">الطبعة الثالثة.</subfield>
		<subfield code="d">صيدا، لبنان : مطبعة العرفان، 1961</subfield>
		<subfield code="w">b12376541</subfield>
		<subfield code="w">(OCoLC)784289248</subfield>
	</datafield>
	<datafield ind1="0" ind2=" " tag="880">
		<subfield code="6">775-06</subfield>
		<subfield code="i">دلالة على الطبعة</subfield>
		<subfield code="4">http://rdaregistry.info/Elements/m/P30133:</subfield>
		<subfield code="t">اليزيديون في حاضرهم وماضيهم.</subfield>
		<subfield code="b">طبعة خامسة مهذبة ومزيدة.</subfield>
		<subfield code="d">صيدا، لبنان : المطبعة العصرية، 1967</subfield>
		<subfield code="w">b12376589</subfield>
		<subfield code="w">b12376589</subfield>
		<subfield code="w">(OCoLC)784289254</subfield>
	</datafield>
	<datafield ind1="0" ind2=" " tag="880">
		<subfield code="6">775-07</subfield>
		<subfield code="i">دلالة على الطبعة</subfield>
		<subfield code="4">http://rdaregistry.info/Elements/m/P30133:</subfield>
		<subfield code="t">اليزيديون في حاضرهم وماضيهم.</subfield>
		<subfield code="b">طبعة سادسة مهذبة ومزيدة.</subfield>
		<subfield code="d">بغداد : دار الكتاب الجديد، 1974</subfield>
		<subfield code="w">b12376619</subfield>
		<subfield code="w">(OCoLC)784289259</subfield>
	</datafield>
	<datafield ind1="0" ind2=" " tag="880">
		<subfield code="6">775-08</subfield>
		<subfield code="i">دلالة على الطبعة</subfield>
		<subfield code="4">http://rdaregistry.info/Elements/m/P30133:</subfield>
		<subfield code="t"/>
		<subfield code="b">الطبعة الثانية.</subfield>
		<subfield code="d">صيدا : مطبعة العرفان، 1372 هـ. = 1953 م.</subfield>
		<subfield code="w">b21056493</subfield>
	</datafield>
	<datafield ind1=" " ind2=" " tag="959">
		<subfield code="a">NNU</subfield>
		<subfield code="b">WEB</subfield>
		<subfield code="c">GENI</subfield>
		<subfield code="t">0</subfield>
		<subfield code="m">Electronic access</subfield>
		<subfield code="s">01</subfield>
	</datafield>
	<datafield ind1=" " ind2=" " tag="999">
		<subfield code="i">LeBAU_b12376450</subfield>
		<subfield code="s">aub_aco002490</subfield>
		<subfield code="e">(ERROR-MISC)</subfield>
	</datafield>
</record>
